<record><leader>00000cas a22000007a 4500</leader><controlfield tag="001">11977102</controlfield><controlfield tag="008">850429d19251940njuwr ne      0    0eng d</controlfield><datafield ind1=" " ind2=" " tag="010"><subfield code="a">sn 85035611 </subfield></datafield><datafield ind1=" " ind2=" " tag="040"><subfield code="a">NPA</subfield><subfield code="b">eng</subfield><subfield code="c">NPA</subfield><subfield code="d">NJW</subfield><subfield code="d">OCLCQ</subfield></datafield><datafield ind1=" " ind2=" " tag="042"><subfield code="a">msc</subfield></datafield><datafield ind1="0" ind2="4" tag="245"><subfield code="a">The Lodi bulletin and news-letter.</subfield></datafield><datafield ind1=" " ind2=" " tag="260"><subfield code="a">Lodi, N.J. :</subfield><subfield code="b">Lodi Bulletin Pub. Co.</subfield></datafield><datafield ind1=" " ind2=" " tag="300"><subfield code="a">v. :</subfield><subfield code="b">ill. ;</subfield><subfield code="c">56 cm.</subfield></datafield><datafield ind1=" " ind2=" " tag="310"><subfield code="a">Weekly</subfield></datafield><datafield ind1="1" ind2=" " tag="362"><subfield code="a">Began in Sept. 1925.</subfield></datafield><datafield ind1="0" ind2=" " tag="362"><subfield code="a">-v. 14, no. 49 (Aug. 22, 1940).</subfield></datafield><datafield ind1=" " ind2=" " tag="580"><subfield code="a">Continued by: Lodi bulletin. Cf. Wright, W.C. and Stellhorn, P.A. Direct. of N.J. newspapers.</subfield></datafield><datafield ind1=" " ind2=" " tag="588"><subfield code="a">Description based on: Vol. 4, no. 54 (Sept. 26, 1929).</subfield></datafield><datafield ind1=" " ind2=" " tag="752"><subfield code="a">United States</subfield><subfield code="b">New Jersey</subfield><subfield code="c">Bergen</subfield><subfield code="d">Lodi.</subfield></datafield><datafield ind1="1" ind2="0" tag="785"><subfield code="t">Lodi bulletin</subfield><subfield code="w">(DLC)sn 91064061</subfield><subfield code="w">(OCoLC)24774604</subfield></datafield></record>